<record><leader>00000cas a22000007a 4500</leader><controlfield tag="001">1570104</controlfield><controlfield tag="008">750824d19141927mnuwr ne      0    0eng d</controlfield><datafield ind1=" " ind2=" " tag="010"><subfield code="a">sn 89064705 </subfield></datafield><datafield ind1=" " ind2=" " tag="040"><subfield code="a">MUL</subfield><subfield code="b">eng</subfield><subfield code="c">MUL</subfield><subfield code="d">OCL</subfield><subfield code="d">MN#</subfield><subfield code="d">OCLCQ</subfield><subfield code="d">OCLCF</subfield><subfield code="d">OCLCO</subfield></datafield><datafield ind1="1" ind2=" " tag="029"><subfield code="a">AU@</subfield><subfield code="b">000025860933</subfield></datafield><datafield ind1=" " ind2=" " tag="042"><subfield code="a">msc</subfield></datafield><datafield ind1=" " ind2=" " tag="043"><subfield code="a">n-us-mn</subfield></datafield><datafield ind1=" " ind2=" " tag="052"><subfield code="a">4144</subfield><subfield code="b">F78</subfield></datafield><datafield ind1=" " ind2=" " tag="052"><subfield code="a">4143</subfield><subfield code="b">B2</subfield></datafield><datafield ind1="0" ind2="0" tag="245"><subfield code="a">Frazee weekly press.</subfield></datafield><datafield ind1=" " ind2=" " tag="260"><subfield code="a">Frazee, Becker County, Minn. :</subfield><subfield code="b">P.C. Peterson,</subfield><subfield code="c">1914-1927.</subfield></datafield><datafield ind1=" " ind2=" " tag="300"><subfield code="a">14 v.</subfield></datafield><datafield ind1=" " ind2=" " tag="310"><subfield code="a">Weekly</subfield></datafield><datafield ind1="0" ind2=" " tag="362"><subfield code="a">Vol. 10, no. 17 (Mar. 6, 1914)-v. 23, no. 35 (June 23, 1927).</subfield></datafield><datafield ind1=" " ind2="0" tag="651"><subfield code="a">Frazee (Minn.)</subfield><subfield code="v">Newspapers.</subfield></datafield><datafield ind1=" " ind2="7" tag="655"><subfield code="a">Newspapers.</subfield><subfield code="2">fast</subfield><subfield code="0">(OCoLC)fst01423814</subfield></datafield><datafield ind1=" " ind2="7" tag="651"><subfield code="a">Minnesota</subfield><subfield code="z">Frazee.</subfield><subfield code="2">fast</subfield><subfield code="0">(OCoLC)fst01237059</subfield></datafield><datafield ind1=" " ind2=" " tag="752"><subfield code="a">United States</subfield><subfield code="b">Minnesota</subfield><subfield code="c">Becker</subfield><subfield code="d">Frazee.</subfield></datafield><datafield ind1="0" ind2="0" tag="780"><subfield code="t">Frazee free press</subfield><subfield code="w">(DLC)sn 89064704</subfield></datafield><datafield ind1="0" ind2="0" tag="785"><subfield code="t">Frazee press</subfield><subfield code="w">(DLC)sn 89064706</subfield></datafield></record>